<record><leader>00000cas a2200000 a 4500</leader><controlfield tag="001">12496853</controlfield><controlfield tag="008">850906d19031909ksuwr ne      0    0eng d</controlfield><datafield ind1=" " ind2=" " tag="010"><subfield code="a">sn 85029588 </subfield></datafield><datafield ind1=" " ind2=" " tag="040"><subfield code="a">KSH</subfield><subfield code="b">eng</subfield><subfield code="c">KSH</subfield><subfield code="d">NPT</subfield><subfield code="d">OCL</subfield><subfield code="d">OCLCQ</subfield></datafield><datafield ind1=" " ind2=" " tag="042"><subfield code="a">msc</subfield></datafield><datafield ind1="0" ind2="0" tag="245"><subfield code="a">You all's doin's.</subfield></datafield><datafield ind1=" " ind2=" " tag="260"><subfield code="a">Woodston, Kan. :</subfield><subfield code="b">Merton L. Smith,</subfield><subfield code="c">1907-1909.</subfield></datafield><datafield ind1=" " ind2=" " tag="300"><subfield code="a">3 v. :</subfield><subfield code="b">ill. ;</subfield><subfield code="c">49 cm.</subfield></datafield><datafield ind1=" " ind2=" " tag="310"><subfield code="a">Weekly</subfield></datafield><datafield ind1="0" ind2=" " tag="362"><subfield code="a">Vol. 4, no. 35 (Feb. 7, 1907)-v. 5, no. 7 (July 25, 1907) ; old, v. 5, no. 8 (Aug. 1, 1907)-v. 5, no. 26 (Dec. 5, 1907) = new, v. 1, no. 26-v. 1, no. 44 ; v. 1, no. 45 (Dec. 12, 1907)-v. 3, no. 4 (Feb. 25, 1909).</subfield></datafield><datafield ind1=" " ind2=" " tag="500"><subfield code="a">Includes magazine section called: "Snorkey's bazoo," &lt;Oct. 29, 1908&gt;.</subfield></datafield><datafield ind1=" " ind2=" " tag="525"><subfield code="a">Includes supplements.</subfield></datafield><datafield ind1=" " ind2=" " tag="752"><subfield code="a">United States</subfield><subfield code="b">Kansas</subfield><subfield code="c">Rooks</subfield><subfield code="d">Woodston.</subfield></datafield><datafield ind1="0" ind2="0" tag="780"><subfield code="t">Weekly echo (Woodston, Kan.)</subfield><subfield code="w">(DLC)sn 85029594</subfield></datafield><datafield ind1="0" ind2="0" tag="785"><subfield code="t">Stockton review</subfield><subfield code="w">(DLC)sn 85029592</subfield></datafield><datafield ind1="1" ind2=" " tag="029"><subfield code="a">AU@</subfield><subfield code="b">000022171888</subfield></datafield></record>